@article{Anzuini:2021lnv,
  title        = {Improved Treatment of Dark Matter Capture in Neutron Stars {{III}}: Nucleon and Exotic Targets},
  shorttitle   = {Improved Treatment of Dark Matter Capture in Neutron Stars {{III}}},
  author       = {Anzuini, Filippo and Bell, Nicole F. and Busoni, Giorgio and Motta, Theo F. and Robles, Sandra and Thomas, Anthony W. and Virgato, Michael},
  date         = {2021-11-29},
  journaltitle = {JCAP},
  shortjournal = {JCAP},
  volume       = {11},
  number       = {11},
  eprint       = {2108.02525},
  eprinttype   = {arxiv},
  eprintclass  = {hep-ph},
  pages        = {056},
  doi          = {10.1088/1475-7516/2021/11/056},
  keywords     = {baryon: strong interaction,dark matter theory,dark matter: capture,dark matter: mass,dark matter: scattering,form factor: momentum dependence,matter: exotic,neutron stars,nucleus: recoil,p: target},
  annotation   = {29 citations (INSPIRE 2023/10/4) 26 citations w/o self (INSPIRE 2023/10/4)},
  file         = {/home/student.unimelb.edu.au/mvirgato/Zotero/storage/2GBYKY6A/Anzuini et al. - 2021 - Improved treatment of dark matter capture in neutr.pdf}
}

@article{Bell:2013xk,
  title        = {Realistic Neutron Star Constraints on Bosonic Asymmetric Dark Matter},
  author       = {Bell, Nicole F. and Melatos, Andrew and Petraki, Kalliopi},
  date         = {2013-06-07},
  journaltitle = {Phys. Rev. D},
  shortjournal = {Phys. Rev. D},
  volume       = {87},
  number       = {12},
  eprint       = {1301.6811},
  eprinttype   = {arxiv},
  eprintclass  = {hep-ph},
  pages        = {123507},
  doi          = {10.1103/PhysRevD.87.123507},
  keywords     = {95.35.+d,black hole: formation,boson: dark matter,dark matter: asymmetry,dark matter: interaction,dark matter: parameter space,neutron star},
  annotation   = {115 citations (INSPIRE 2023/10/4) 106 citations w/o self (INSPIRE 2023/10/4)},
  file         = {/home/student.unimelb.edu.au/mvirgato/Zotero/storage/UV6UDCMK/Bell et al. - 2013 - Realistic neutron star constraints on bosonic asym.pdf}
}

@article{Bell:2020jou,
  title        = {Improved {{Treatment}} of {{Dark Matter Capture}} in {{Neutron Stars}}},
  author       = {Bell, Nicole F. and Busoni, Giorgio and Robles, Sandra and Virgato, Michael},
  date         = {2020-09-15},
  journaltitle = {JCAP},
  shortjournal = {JCAP},
  volume       = {09},
  eprint       = {2004.14888},
  eprinttype   = {arxiv},
  eprintclass  = {hep-ph},
  pages        = {028},
  doi          = {10.1088/1475-7516/2020/09/028},
  keywords     = {dark matter: capture,dark matter: mass,dark matter: scattering,efficiency,energy: kinetic,gravitation,neutron star,scattering: relativistic,star,temperature},
  annotation   = {76 citations (INSPIRE 2023/10/4) 68 citations w/o self (INSPIRE 2023/10/4)},
  file         = {/home/student.unimelb.edu.au/mvirgato/Zotero/storage/9VTMSM6E/Bell et al. - 2020 - Improved Treatment of Dark Matter Capture in Neutr.pdf}
}

@article{Bell:2020lmm,
  title        = {Improved {{Treatment}} of {{Dark Matter Capture}} in {{Neutron Stars II}}: {{Leptonic Targets}}},
  shorttitle   = {Improved {{Treatment}} of {{Dark Matter Capture}} in {{Neutron Stars II}}},
  author       = {Bell, Nicole F. and Busoni, Giorgio and Robles, Sandra and Virgato, Michael},
  date         = {2021-03-26},
  journaltitle = {JCAP},
  shortjournal = {JCAP},
  volume       = {03},
  eprint       = {2010.13257},
  eprinttype   = {arxiv},
  eprintclass  = {hep-ph},
  pages        = {086},
  doi          = {10.1088/1475-7516/2021/03/086},
  keywords     = {dark matter: capture,dark matter: mass: low,dark matter: scattering,evaporation,neutron star,scattering amplitude,sensitivity},
  annotation   = {52 citations (INSPIRE 2023/10/4) 44 citations w/o self (INSPIRE 2023/10/4)},
  file         = {/home/student.unimelb.edu.au/mvirgato/Zotero/storage/KX33S7FU/Bell et al. - 2021 - Improved Treatment of Dark Matter Capture in Neutr.pdf}
}

@article{Bell:2020obw,
  title        = {Nucleon {{Structure}} and {{Strong Interactions}} in {{Dark Matter Capture}} in {{Neutron Stars}}},
  author       = {Bell, Nicole F. and Busoni, Giorgio and Motta, Theo F. and Robles, Sandra and Thomas, Anthony W. and Virgato, Michael},
  date         = {2021-09-10},
  journaltitle = {Phys. Rev. Lett.},
  shortjournal = {Phys. Rev. Lett.},
  volume       = {127},
  number       = {11},
  eprint       = {2012.08918},
  eprinttype   = {arxiv},
  eprintclass  = {hep-ph},
  pages        = {111803},
  doi          = {10.1103/PhysRevLett.127.111803},
  keywords     = {dark matter: capture,dark matter: scattering,density: high,form factor: hadronic,momentum dependence,neutron star: density,neutron star: matter,nucleon: interaction,nucleon: structure,strong interaction},
  annotation   = {50 citations (INSPIRE 2023/10/4) 38 citations w/o self (INSPIRE 2023/10/4)},
  file         = {/home/student.unimelb.edu.au/mvirgato/Zotero/storage/64ZFQLJ5/Bell et al. - 2021 - Nucleon Structure and Strong Interactions in Dark .pdf}
}

@article{Bell:2021fye,
  title        = {Improved Treatment of Dark Matter Capture in White Dwarfs},
  author       = {Bell, Nicole F. and Busoni, Giorgio and Ramirez-Quezada, Maura E. and Robles, Sandra and Virgato, Michael},
  date         = {2021-10-29},
  journaltitle = {JCAP},
  shortjournal = {JCAP},
  volume       = {10},
  eprint       = {2104.14367},
  eprinttype   = {arxiv},
  eprintclass  = {hep-ph},
  pages        = {083},
  doi          = {10.1088/1475-7516/2021/10/083},
  keywords     = {dark matter: capture,dark matter: interaction,dark matter: mass: low,dark matter: scattering,electron: current,electron: recoil,electron: scattering,finite temperature: effect,multiple scattering: effect,nucleus: form factor},
  annotation   = {32 citations (INSPIRE 2023/10/4) 25 citations w/o self (INSPIRE 2023/10/4)},
  file         = {/home/student.unimelb.edu.au/mvirgato/Zotero/storage/YF258JJB/Bell et al. - 2021 - Improved treatment of dark matter capture in white.pdf}
}

@article{Bertoni:2013bsa,
  title        = {Dark {{Matter Thermalization}} in {{Neutron Stars}}},
  author       = {Bertoni, Bridget and Nelson, Ann E. and Reddy, Sanjay},
  date         = {2013-12-03},
  journaltitle = {Phys. Rev. D},
  shortjournal = {Phys. Rev. D},
  volume       = {88},
  eprint       = {1309.1721},
  eprinttype   = {arxiv},
  eprintclass  = {hep-ph},
  pages        = {123505},
  doi          = {10.1103/PhysRevD.88.123505},
  keywords     = {95.30.Cq,95.35.+d,97.60.Jd,black hole: formation,boson: dark matter,dark matter: accretion,dark matter: mass,kinematics: constraint,sneutrino: dark matter,vector boson: heavy},
  annotation   = {102 citations (INSPIRE 2023/10/4) 96 citations w/o self (INSPIRE 2023/10/4)},
  file         = {/home/student.unimelb.edu.au/mvirgato/Zotero/storage/KHJ92S3J/Bertoni et al. - 2013 - Dark Matter Thermalization in Neutron Stars.pdf}
}

@article{Bramante:2013nma,
  title        = {Bounds on Self-Interacting Fermion Dark Matter from Observations of Old Neutron Stars},
  author       = {Bramante, Joseph and Fukushima, Keita and Kumar, Jason and Stopnitzky, Elan},
  date         = {2014-01-21},
  journaltitle = {Phys. Rev. D},
  shortjournal = {Phys. Rev. D},
  volume       = {89},
  number       = {1},
  eprint       = {1310.3509},
  eprinttype   = {arxiv},
  eprintclass  = {hep-ph},
  pages        = {015010},
  doi          = {10.1103/PhysRevD.89.015010},
  keywords     = {95.35.+d,97.60.Jd,black hole,dark matter: mass,dark matter: scattering,fermion: dark matter,galaxy: halo,mediation,neutron star,neutron star: collapse},
  annotation   = {80 citations (INSPIRE 2023/10/4) 68 citations w/o self (INSPIRE 2023/10/4)},
  file         = {/home/student.unimelb.edu.au/mvirgato/Zotero/storage/BGAWBPRB/Bramante et al. - 2014 - Bounds on self-interacting fermion dark matter fro.pdf}
}

@article{Garani:2018kkd,
  title        = {New {{Analysis}} of {{Neutron Star Constraints}} on {{Asymmetric Dark Matter}}},
  author       = {Garani, Raghuveer and Genolini, Yoann and Hambye, Thomas},
  date         = {2019-05-21},
  journaltitle = {JCAP},
  shortjournal = {JCAP},
  volume       = {05},
  eprint       = {1812.08773},
  eprinttype   = {arxiv},
  eprintclass  = {hep-ph},
  pages        = {035},
  doi          = {10.1088/1475-7516/2019/05/035},
  keywords     = {black hole,dark matter: asymmetry,dark matter: density,elastic scattering,equation of state,gravitation,lepton: coupling: high,neutron star,temperature: low,time dependence},
  annotation   = {86 citations (INSPIRE 2023/10/4) 78 citations w/o self (INSPIRE 2023/10/4)},
  file         = {/home/student.unimelb.edu.au/mvirgato/Zotero/storage/4BYLWICD/Garani et al. - 2019 - New Analysis of Neutron Star Constraints on Asymme.pdf}
}

@article{Garani:2021feo,
  title        = {Evaporation of Dark Matter from Celestial Bodies},
  author       = {Garani, Raghuveer and Palomares-Ruiz, Sergio},
  date         = {2022-05-25},
  journaltitle = {JCAP},
  shortjournal = {JCAP},
  volume       = {05},
  number       = {05},
  eprint       = {2104.12757},
  eprinttype   = {arxiv},
  eprintclass  = {hep-ph},
  pages        = {042},
  doi          = {10.1088/1475-7516/2022/05/042},
  keywords     = {dark matter detectors,dark matter theory,dark matter: capture,dark matter: mass,dark matter: scattering,evaporation,galaxy: dark matter,massive stars,stars,velocity},
  annotation   = {36 citations (INSPIRE 2023/10/4) 33 citations w/o self (INSPIRE 2023/10/4)},
  file         = {/home/student.unimelb.edu.au/mvirgato/Zotero/storage/ISFBY2NA/Garani and Palomares-Ruiz - 2022 - Evaporation of dark matter from celestial bodies.pdf}
}

@article{Goldman:1989nd,
  title        = {Weakly {{Interacting Massive Particles}} and {{Neutron Stars}}},
  author       = {Goldman, I. and Nussinov, S.},
  date         = {1989},
  journaltitle = {Phys. Rev. D},
  shortjournal = {Phys. Rev. D},
  volume       = {40},
  pages        = {3221--3230},
  doi          = {10.1103/PhysRevD.40.3221},
  keywords     = {black hole,cosmological model,dark matter,postulated particle: WIMP},
  annotation   = {236 citations (INSPIRE 2023/10/4) 234 citations w/o self (INSPIRE 2023/10/4)}
}

@article{Gould:1987ir,
  title        = {Resonant {{Enhancements}} in {{WIMP Capture}} by the {{Earth}}},
  author       = {Gould, Andrew},
  date         = {1987},
  journaltitle = {Astrophys. J.},
  shortjournal = {Astrophys. J.},
  volume       = {321},
  pages        = {571},
  doi          = {10.1086/165653},
  keywords     = {CAPTURE: POSTULATED PARTICLE,COSMIC RADIATION: FLUX,dark matter,FLUX: COSMIC RADIATION,NEUTRINO: DIRAC,NUMERICAL CALCULATIONS,POSTULATED PARTICLE: CAPTURE,WEAK INTERACTION},
  annotation   = {600 citations (INSPIRE 2023/10/4) 593 citations w/o self (INSPIRE 2023/10/4)}
}

@article{Gould:1987ju,
  title        = {{{WIMP Distribution}} in and {{Evaporation From}} the {{Sun}}},
  author       = {Gould, Andrew},
  date         = {1987},
  journaltitle = {Astrophys. J.},
  shortjournal = {Astrophys. J.},
  volume       = {321},
  pages        = {560},
  doi          = {10.1086/165652},
  keywords     = {dark matter,MASS: NEUTRINO,NEUTRINO: MASS,NUMERICAL CALCULATIONS,STATISTICAL MECHANICS,TEMPERATURE,WEAK INTERACTION},
  annotation   = {279 citations (INSPIRE 2023/10/4) 275 citations w/o self (INSPIRE 2023/10/4)}
}

@article{Gould:1987ju,
  title        = {Weakly {{Interacting Massive Particle Distribution}} in and {{Evaporation}} from the {{Sun}}},
  author       = {Gould, Andrew},
  date         = {1987},
  journaltitle = {The Astrophysical Journal},
  shortjournal = {Astrophys. J.},
  volume       = {321},
  pages        = {560},
  issn         = {0004-637X},
  doi          = {10.1086/165652},
  urldate      = {2023-10-03},
  abstract     = {The paper analyzes the evaporation of weakly interacting massive particles (WIMPs) from the sun, both analytically and numerically. First, an analytic approximation is made by defining an appropriate truncation of a Maxwell-Boltzmann distribution for the WIMPs and calculating the exact evaporation rate from this distribution due to interaction with a truly thermal distribution of nuclei. Then, the actual (nonthermal) distribution of Dirac neutrino WIMPs in the sun is calculated numerically for WIMPs of mass 1-7 GeV. Evaporation from the actual and thermal distributions is compared. It is found that the evaporation mass for a solar lifetime is 3.7 GeV, and for an 'annihilation lifetime', 2.9 GeV. These are about 8 percent lower than the most well-reasoned previous estimate.},
  keywords     = {Elementary Particle Interactions,ELEMENTARY PARTICLES,Mathematical Models,Maxwell-Boltzmann Density Function,NEUTRINOS,Particle Density (Concentration),Solar Corpuscular Radiation,Solar Neutrinos,Solar Physics,SUN: INTERIOR,Weak Interactions (Field Theory)},
  annotation   = {279 citations (INSPIRE 2023/10/4) 275 citations w/o self (INSPIRE 2023/10/4) ADS Bibcode: 1987ApJ...321..560G},
  file         = {/home/student.unimelb.edu.au/mvirgato/Zotero/storage/LWQ2H73L/Gould - 1987 - Weakly Interacting Massive Particle Distribution i.pdf}
}

@article{Gould:1989hm,
  title        = {{{THERMAL CONDUCTION BY MASSIVE PARTICLES}}},
  author       = {Gould, Andrew and Raffelt, Georg},
  date         = {1990},
  journaltitle = {Astrophys. J.},
  shortjournal = {Astrophys. J.},
  volume       = {352},
  pages        = {654},
  doi          = {10.1086/168568},
  annotation   = {67 citations (INSPIRE 2023/10/4) 64 citations w/o self (INSPIRE 2023/10/4)}
}

@article{Guver:2012ba,
  title        = {On the Capture of Dark Matter by Neutron Stars},
  author       = {G\"uver, Tolga and Erkoca, Arif Emre and Hall Reno, Mary and Sarcevic, Ina},
  date         = {2014-05-13},
  journaltitle = {JCAP},
  shortjournal = {JCAP},
  volume       = {05},
  eprint       = {1201.2400},
  eprinttype   = {arxiv},
  eprintclass  = {hep-ph},
  pages        = {013},
  doi          = {10.1088/1475-7516/2014/05/013},
  keywords     = {dark matter experiments,dark matter theory,dark matter: capture,dark matter: density,dark matter: interaction,dark matter: mass,neutron star,neutron stars},
  annotation   = {119 citations (INSPIRE 2023/10/4) 119 citations w/o self (INSPIRE 2023/10/4)},
  file         = {/home/student.unimelb.edu.au/mvirgato/Zotero/storage/JUQ4ULQ2/Güver et al. - 2014 - On the capture of dark matter by neutron stars.pdf}
}

@article{Jungman:1995df,
  title        = {Supersymmetric Dark Matter},
  author       = {Jungman, Gerard and Kamionkowski, Marc and Griest, Kim},
  date         = {1996},
  journaltitle = {Phys. Rept.},
  shortjournal = {Phys. Rept.},
  volume       = {267},
  eprint       = {hep-ph/9506380},
  eprinttype   = {arxiv},
  pages        = {195--373},
  doi          = {10.1016/0370-1573(95)00058-5},
  keywords     = {annihilation: sparticle,bibliography,cosmic radiation,dark matter,inspirereview:IV-d-4,postulated particle: WIMP,review,sparticle: annihilation,sparticle: neutral particle,supersymmetry},
  annotation   = {4819 citations (INSPIRE 2023/10/4) 4766 citations w/o self (INSPIRE 2023/10/4)},
  file         = {/home/student.unimelb.edu.au/mvirgato/Zotero/storage/IJFE73DY/Jungman et al. - 1996 - Supersymmetric dark matter.pdf}
}

@article{Kouvaris:2010jy,
  title        = {Constraining {{Asymmetric Dark Matter}} through Observations of Compact Stars},
  author       = {Kouvaris, Chris and Tinyakov, Peter},
  date         = {2011},
  journaltitle = {Phys. Rev. D},
  shortjournal = {Phys. Rev. D},
  volume       = {83},
  eprint       = {1012.2039},
  eprinttype   = {arxiv},
  eprintclass  = {astro-ph.HE},
  pages        = {083512},
  doi          = {10.1103/PhysRevD.83.083512},
  keywords     = {95.35.+d,97.60.Jd,dark matter,down: mass,neutron star,scale: TeV,spin: dependence,star: collapse,white dwarf,WIMP: mass},
  annotation   = {180 citations (INSPIRE 2023/10/4) 160 citations w/o self (INSPIRE 2023/10/4)},
  file         = {/home/student.unimelb.edu.au/mvirgato/Zotero/storage/QIA5BTUF/Kouvaris and Tinyakov - 2011 - Constraining Asymmetric Dark Matter through observ.pdf}
}

@article{Kouvaris:2011fi,
  title        = {Excluding {{Light Asymmetric Bosonic Dark Matter}}},
  author       = {Kouvaris, Chris and Tinyakov, Peter},
  date         = {2011},
  journaltitle = {Phys. Rev. Lett.},
  shortjournal = {Phys. Rev. Lett.},
  volume       = {107},
  eprint       = {1104.0382},
  eprinttype   = {arxiv},
  eprintclass  = {astro-ph.CO},
  pages        = {091301},
  doi          = {10.1103/PhysRevLett.107.091301},
  keywords     = {14.80.-j,95.35.+d,97.60.Jd,boson: dark matter,CoGeNT,DAMA,fermion: composite,neutron star,WIMP: interaction,WIMP: mass},
  annotation   = {162 citations (INSPIRE 2023/10/4) 144 citations w/o self (INSPIRE 2023/10/4)},
  file         = {/home/student.unimelb.edu.au/mvirgato/Zotero/storage/ZITMRUVJ/Kouvaris and Tinyakov - 2011 - Excluding Light Asymmetric Bosonic Dark Matter.pdf}
}

@article{McDermott:2011jp,
  title        = {Constraints on {{Scalar Asymmetric Dark Matter}} from {{Black Hole Formation}} in {{Neutron Stars}}},
  author       = {McDermott, Samuel D. and Yu, Hai-Bo and Zurek, Kathryn M.},
  date         = {2012},
  journaltitle = {Phys. Rev. D},
  shortjournal = {Phys. Rev. D},
  volume       = {85},
  eprint       = {1103.5472},
  eprinttype   = {arxiv},
  eprintclass  = {hep-ph},
  pages        = {023519},
  doi          = {10.1103/PhysRevD.85.023519},
  keywords     = {95.35.+d,98.80.Cq,black hole: formation,condensation: Bose-Einstein,dark matter: capture,dark matter: density,dark matter: mass,dark matter: scalar,neutron star,pulsar},
  annotation   = {203 citations (INSPIRE 2023/10/4) 190 citations w/o self (INSPIRE 2023/10/4)},
  file         = {/home/student.unimelb.edu.au/mvirgato/Zotero/storage/NHTB4TKU/McDermott et al. - 2012 - Constraints on Scalar Asymmetric Dark Matter from .pdf}
}
